<?xml version="1.0" encoding="UTF-8"?><collection xmlns="http://www.loc.gov/MARC21/slim"><record><leader>00662nam--2200181-i-4500</leader><controlfield tag="001">000027764</controlfield><controlfield tag="002">20161230</controlfield><controlfield tag="005">20161230201037</controlfield><controlfield tag="008">060222s1000------------r-----000-0-eng-d</controlfield><datafield ind1=" " ind2=" " tag="020"><subfield code="a">901223069</subfield></datafield><datafield ind1=" " ind2=" " tag="040"><subfield code="a">IFIN-HH</subfield></datafield><datafield ind1=" " ind2=" " tag="080"><subfield code="a">621.382:537.311.33</subfield></datafield><datafield ind1="1" ind2=" " tag="110"><subfield code="a">The Institute Of Physics And The Physical Society</subfield></datafield><datafield ind1="1" ind2="0" tag="245"><subfield code="a">European conference on ion implantation, reading, september 7th-9th 1970</subfield><subfield code="b">Sponsored jointly by the institute of physics &amp; the physical society and the institution of electrical engineers</subfield></datafield><datafield ind1=" " ind2=" " tag="260"><subfield code="a">Herts., England</subfield><subfield code="b">Peter Peregrinus Ltd</subfield><subfield code="c">1970</subfield></datafield><datafield ind1=" " ind2=" " tag="300"><subfield code="a">XIV + 241P</subfield></datafield><datafield ind1=" " ind2=" " tag="852"><subfield code="a">35386</subfield><subfield code="c">537.311.33</subfield></datafield><datafield ind1=" " ind2=" " tag="CAT"><subfield code="a">Sys</subfield><subfield code="c">20110721</subfield><subfield code="h">132854</subfield></datafield></record></collection>